{"leader":"02015cas a2200529 ar4500","fields":[{"001":"3678656"},{"005":"20080116103120.0"},{"008":"840410d19661985sw br|p       0   b0swe  "},{"022":{"ind1":" ","ind2":" ","subfields":[{"a":"0345-1569"},{"2":"f"}]}},{"035":{"ind1":" ","ind2":" ","subfields":[{"9":"03451569"}]}},{"040":{"ind1":" ","ind2":" ","subfields":[{"a":"NB"},{"d":"NLT"}]}},{"041":{"ind1":"1","ind2":" ","subfields":[{"a":"swe"},{"h":"eng"}]}},{"042":{"ind1":" ","ind2":" ","subfields":[{"9":"NB"},{"9":"NLT"}]}},{"080":{"ind1":" ","ind2":" ","subfields":[{"a":"05"}]}},{"084":{"ind1":" ","ind2":" ","subfields":[{"a":"Hci(p),u"},{"2":"kssb/8"}]}},{"222":{"ind1":" ","ind2":"0","subfields":[{"a":"Blondie"}]}},{"245":{"ind1":"1","ind2":"0","subfields":[{"a":"Blondie :"},{"b":"roar alla!"}]}},{"246":{"ind1":"1","ind2":" ","subfields":[{"a":"Blondie :"},{"b":"roar alla!"},{"f":"1966-1971:7"}]}},{"246":{"ind1":"1","ind2":" ","subfields":[{"a":"Blondie :"},{"b":"hela familjens skämttidning!"},{"f":"1971:8-1973:2"}]}},{"246":{"ind1":"1","ind2":" ","subfields":[{"a":"Blondie :"},{"b":"med dina seriefavoriter"},{"f":"1973:3-1974:1"}]}},{"246":{"ind1":"1","ind2":"3","subfields":[{"a":"Hela familjens Blondie"},{"f":"1980-1983:13"}]}},{"260":{"ind1":" ","ind2":" ","subfields":[{"3":"Sammanfattad utgivningstid:"},{"a":"Solna :"},{"b":"Semic press,"},{"c":"1966-1985"},{"e":"(Stockholm :"},{"f":"Åhlen & Åkerlund)"}]}},{"260":{"ind1":" ","ind2":" ","subfields":[{"a":"Solna :"},{"b":"Semic press,"},{"c":"1966-1971"}]}},{"260":{"ind1":"2","ind2":" ","subfields":[{"a":"Sundbyberg :"},{"b":"Semic press,"},{"c":"1971-1977"}]}},{"260":{"ind1":"3","ind2":" ","subfields":[{"a":"Sundbyberg :"},{"b":"Semic,"},{"c":"1978-1985"}]}},{"300":{"ind1":" ","ind2":" ","subfields":[{"c":"26 cm"}]}},{"310":{"ind1":" ","ind2":" ","subfields":[{"a":"Varannan månad"}]}},{"321":{"ind1":" ","ind2":" ","subfields":[{"a":"9-12 nr/år,"},{"b":"1966-1969, 1972, 1984"}]}},{"321":{"ind1":" ","ind2":" ","subfields":[{"a":"13-16 nr/år,"},{"b":"1970-1971, 1973-1983"}]}},{"362":{"ind1":"0","ind2":" ","subfields":[{"a":"1966: nr 5-1985: nr 6"}]}},{"500":{"ind1":" ","ind2":" ","subfields":[{"a":"1973:5 saknar undertitel"}]}},{"500":{"ind1":" ","ind2":" ","subfields":[{"a":"Översättning från engelska"}]}},{"511":{"ind1":"0","ind2":" ","subfields":[{"a":"Red.: H. Ruta (1966-1969:2,1978:7-1985), L. Hartler (1969:3-6, 1978:1-5), Leif Bergendorff (1969:7-1977:9), Lars Mortimer (1977:10-16)"}]}},{"511":{"ind1":"0","ind2":" ","subfields":[{"a":"Ansv. utg.: E. Setterstad (1966-1970:12), Jan-E Israelsson (1970:13-1973:2), Börje Nilsson (1973:3-1985)"}]}},{"655":{"ind1":" ","ind2":"7","subfields":[{"a":"Serietidningar"},{"2":"sgp"}]}},{"700":{"ind1":"1","ind2":" ","subfields":[{"a":"Bergendorff, Leif,"},{"d":"1944-"},{"4":"pbd"}]}},{"700":{"ind1":"1","ind2":" ","subfields":[{"a":"Hartler, Lennart,"},{"d":"1936-"},{"4":"pbd"}]}},{"700":{"ind1":"1","ind2":" ","subfields":[{"a":"Israelsson, Jan-E.,"},{"d":"1938-"},{"4":"rpy"}]}},{"700":{"ind1":"1","ind2":" ","subfields":[{"a":"Mortimer, Lars,"},{"d":"1946-"},{"4":"pbd"}]}},{"700":{"ind1":"1","ind2":" ","subfields":[{"a":"Nilsson, Börje,"},{"d":"1938-"},{"4":"rpy"}]}},{"700":{"ind1":"1","ind2":" ","subfields":[{"a":"Ruta, Hans,"},{"d":"1940-"},{"4":"pbd"}]}},{"700":{"ind1":"1","ind2":" ","subfields":[{"a":"Setterstad, Ebbe,"},{"d":"1924-"},{"4":"rpy"}]}},{"780":{"ind1":"0","ind2":"0","subfields":[{"t":"Nya Blondie"},{"w":"575085"}]}},{"785":{"ind1":"0","ind2":"7","subfields":[{"t":"Karl-Alfred"},{"x":"0349-3350"},{"w":"3686193"}]}},{"785":{"ind1":"0","ind2":"7","subfields":[{"t":"Åsa-Nisse"},{"x":"0347-4682"},{"w":"3681934"}]}},{"785":{"ind1":"0","ind2":"7","subfields":[{"t":"Kul med ..."},{"x":"0282-9487"},{"w":"3618984"}]}},{"976":{"ind1":" ","ind2":"2","subfields":[{"a":"Hci(p)"},{"b":"Skönlitteratur"}]}}]}
